%% reference list for bibliography

% example reference
% -- shorten long author list to 'and others' --> 'et al.'
%      author = {Apollonio, M. and Baldini, A. and Bemporad, C. and Caffau, E. and Cei, F. and D\'eclais, Y. and de Kerret, H. and Dieterle, B. and Etenko, A. and Foresti, L. and George, J. and Giannini, G. and Grassi, M. and Kozlov, Y. and Kropp, W. and Kryn, D. and Laiman, M. and Lane, C. E. and Lefi\`evre, B. and Machulin, I. and Martemyanov, A. and Martemyanov, V. and Mikaelyan, L. and Nicol\`o, D. and Obolensky, M. and Pazzi, R. and Pieri, G. and Price, L. and Riley, S. and Reeder, R. and Sabelnikov, A. and Santin, G. and Skorokhvatov, M. and Sobel, H. and Steele, J. and Steinberg, R. and Sukhotin, S. and Tomshaw, S. and Veron, D. and Vyrodov, V.},
@article{Apollonio:1999jg,
      author         = "Apollonio, M. and Baldini, A. and others",
      title          = "{Determination of neutrino incoming direction in the
                        CHOOZ experiment and supernova explosion location by
                        scintillator detectors}",
      collaboration  = "CHOOZ",
      journal        = "Phys. Rev.",
      volume         = "D61",
      year           = "2000",
      pages          = "012001",
      doi            = "10.1103/PhysRevD.61.012001",
      eprint         = "hep-ex/9906011",
      archivePrefix  = "arXiv",
      primaryClass   = "hep-ex",
      SLACcitation   = "%%CITATION = HEP-EX/9906011;%%"
}

